@booklet{ Bitcoin,
	author = "S. Nakamoto",
	title = "Bitcoin: A Peer-to-Peer Electronic Cash System",
	year = "2008",
	howpublished = "\url{https://bitcoin.org/bitcoin.pdf}"
}

@booklet{ Ethereum,
	author = "Vitalik Buterin",
	title = "A next-generation smart contract and decentralized application platform",
	year = "2014",
	howpublished = "\url{https://github.com/ethereum/wiki/wiki/White-Paper}"
}

@booklet{ Hydrachain,
	author = "W. T. Tsai and L. Yu and C. J. Hu and Y. F. Yao and G. N. Li",
	title = "Hydrachain: Design of A Private Blockchain",
	year = "2016",
	howpublished = "\url{https://github.com/HydraChain/hydrachain/blob/develop/hc_consensus_explained.md}"
}

@inproceedings{kotla2007zyzzyva,
  title={Zyzzyva: speculative byzantine fault tolerance},
  author={Kotla, Ramakrishna and Alvisi, Lorenzo and Dahlin, Mike and Clement, Allen and Wong, Edmund},
  booktitle={ACM SIGOPS Operating Systems Review},
  volume={41},
  number={6},
  pages={45--58},
  year={2007},
  organization={ACM}
}

@article{abraham2018revisiting,
  title={Revisiting fast practical byzantine fault tolerance: Thelma, velma, and zelma},
  author={Abraham, Ittai and Gueta, Guy and Malkhi, Dahlia and Martin, Jean-Philippe},
  journal={arXiv preprint arXiv:1801.10022},
  year={2018}
}



@inproceedings{castro1999practical,
  title={Practical Byzantine fault tolerance},
  author={Castro, Miguel and Liskov, Barbara and others},
  booktitle={OSDI},
  volume={99},
  number={1999},
  pages={173--186},
  year={1999}
}

@techreport{fischer1982impossibility,
  title={Impossibility of distributed consensus with one faulty process.},
  author={Fischer, Michael J and Lynch, Nancy A and Paterson, Michael S},
  year={1982},
  institution={Massachusetts Inst of Tech Cambridge lab for Computer Science}
}
@article{martin2006fast,
  title={Fast byzantine consensus},
  author={Martin, J-P and Alvisi, Lorenzo},
  journal={IEEE Transactions on Dependable and Secure Computing},
  volume={3},
  number={3},
  pages={202--215},
  year={2006},
  publisher={IEEE}
}

@inproceedings{chen2018msig,
  title={MSig-BFT: A Witness-Based Consensus Algorithm for Private Blockchains},
  author={Chen, Chun-Wei and Su, Jian-Wei and Kuo, Tung-Wei and Chen, Kung},
  booktitle={2018 IEEE 24th International Conference on Parallel and Distributed Systems (ICPADS)},
  pages={992--997},
  year={2018},
  organization={IEEE}
}

@article{yin2018hotstuff,
  title={Hotstuff: BFT consensus in the lens of blockchain},
  author={Yin, Maofan and Malkhi, Dahlia and Reiter, Michael K and Gueta, Guy Golan and Abraham, Ittai},
  journal={arXiv preprint arXiv:1803.05069},
  year={2018}
}
@phdthesis{buchman2016tendermint,
  title={Tendermint: Byzantine fault tolerance in the age of blockchains},
  author={Buchman, Ethan},
  year={2016}
}

@article{gueta2018sbft,
  title={SBFT: a Scalable and Decentralized Trust Infrastructure},
  author={Gueta, Guy Golan and Abraham, Ittai and Grossman, Shelly and Malkhi, Dahlia and Pinkas, Benny and Reiter, Michael K and Seredinschi, Dragos-Adrian and Tamir, Orr and Tomescu, Alin},
  journal={arXiv preprint arXiv:1804.01626},
  year={2018}
}

@misc{STEVE_HANNA2010,
 Title = {LibraWhitePaper},
 year = {2019},
 note={\url{https://libra.org/en-US/wp-content/uploads/sites/23/2019/06/LibraWhitePaper_en_US.pdf}}
 }
@misc{R3,
 Title = {R3 Corda},
 year = {2016},
 note={\url{https://www.r3.com}}
 }

@booklet{ Bitcoin,
  author = "S. Nakamoto",
  title = "Bitcoin: A Peer-to-Peer Electronic Cash System",
  year = "2008",
  howpublished = "\url{https://bitcoin.org/bitcoin.pdf}"
}
 
 @article{vasin2014blackcoin,
  title={Blackcoinâ€™s proof-of-stake protocol v2},
  author={Vasin, Pavel},
  journal={URL: https://blackcoin. co/blackcoin-pos-protocol-v2-whitepaper. pdf},
  volume={71},
  year={2014}
}

@inproceedings{gilad2017algorand,
  title={Algorand: Scaling byzantine agreements for cryptocurrencies},
  author={Gilad, Yossi and Hemo, Rotem and Micali, Silvio and Vlachos, Georgios and Zeldovich, Nickolai},
  booktitle={Proceedings of the 26th Symposium on Operating Systems Principles},
  pages={51--68},
  year={2017},
  organization={ACM}
}